@article{Roussin,
author = "Roussin, Christopher J",
address = "London, England",
issn = "1046-4964",
journal = "Small Group Research",
keywords = "Trust ; Psychological Safety ; Teamwork ; Leadership ; Grounded Rationality ; Intervention ; Sociology & Social History ; Psychology",
language = "eng",
number = "2",
pages = "224,248",
publisher = "Sage Publications",
title = "Increasing Trust, Psychological Safety, and Team Performance Through Dyadic Leadership Discovery",
volume = "39",
year = "2008-04",
}

@article{Edmondson,
author = "Edmondson, Amy",
issn = "0001-8392",
journal = "Administrative Science Quarterly",
keywords = "Business ; Government",
language = "eng",
number = "2",
pages = "350,383",
publisher = "SAGE Publications",
title = "Psychological Safety and Learning Behavior in Work Teams",
volume = "44",
year = "1999-06-01",
}

