@book{alma991018166489704032,
author = "Craven, John",
address = "東京",
booktitle = "社会的選択理論 : 集団の意思決定と個人の判断の分析枠組み",
isbn = "4326502665",
keywords = "経済学 -- 厚生経済学",
language = "jpn",
publisher = "勁草書房",
title = "社会的選択理論 : 集団の意思決定と個人の判断の分析枠組み / ジョン・クラーヴェン著 ; 富山慶典, 金井雅之訳",
year = "2005.4",
}

