@misc{ted,
author = "Amy Edmondson",
title = "\mbox{Building a psychologically safe workplace}",
howpublished = "\\TED, Retrieved from https://youtu.be/LhoLuui9gX8",
year = "2014-05-04",
}