@misc{google,
author = "Google",
title = "\mbox{Manager Actions for Psychological Safety}",
howpublished = "\break https://docs.google.com/document/d/1PsnDMS2emcPLgMLFAQCXZjO7C4j2hJ7znOq_g2Zkjgk/edit",
year = "2019-11-02"
}