@misc{google,
title = "\mbox{Google. Understand team effectiveness. re:Work}",
howpublished = "https://rework.withgoogle.com/guides/understanding-team-effectiveness",
year = "2019-11-02",
}
