@incollection{alma991001987779704032,
author = "坂井 豊貴",
editor = "坂井 豊貴",
address = "東京",
pages = "1,16",
booktitle = "『メカニズムデザインと意思決定のフロンティア』",
isbn = "9784766421446",
keywords = "ゲーム理論",
language = "jpn",
publisher = "慶應義塾大学出版会",
title = "「グローヴスメカニズム」",
year = "2014.5",
}

