@book{alma991009856339704032,
author = "坂井, 豊貴",
address = "京都",
booktitle = "メカニズムデザイン : 資源配分制度の設計とインセンティブ",
isbn = "9784623052349",
keywords = "Economics, Mathematical",
language = "jpn",
publisher = "ミネルヴァ書房",
title = "メカニズムデザイン : 資源配分制度の設計とインセンティブ / 坂井豊貴, 藤中裕二, 若山琢磨著",
year = "2008.8",
}

